<?xml version="1.0" encoding="UTF-8"?><collection xmlns="http://www.loc.gov/MARC21/slim"><record><leader>00504nam--2200169-u-4500</leader><controlfield tag="001">000056826</controlfield><controlfield tag="002">20191031</controlfield><controlfield tag="005">20191031045512</controlfield><controlfield tag="008">191031s1000------------r-----000-0-eng-d</controlfield><datafield ind1=" " ind2=" " tag="041"><subfield code="a">eng</subfield></datafield><datafield ind1="1" ind2=" " tag="100"><subfield code="a">GALCA, AURELIAN CATALIN</subfield></datafield><datafield ind1="1" ind2="0" tag="245"><subfield code="a">ELLIPSOMETRIC STUDIES OF ANISOTROPIC NANOSCALED MEDIA</subfield><subfield code="c">AURELIAN CATALIN GALCA</subfield></datafield><datafield ind1=" " ind2=" " tag="260"><subfield code="a">ZUTPHEN, THE NETHERLANDS</subfield><subfield code="b">WOHRMANN PRINT SERVICE</subfield><subfield code="c">2006</subfield></datafield><datafield ind1=" " ind2=" " tag="300"><subfield code="a">134 P</subfield></datafield><datafield ind1=" " ind2=" " tag="500"><subfield code="a">DONATIE GHEORGHE DINESCU</subfield></datafield><datafield ind1=" " ind2=" " tag="852"><subfield code="a">82784</subfield><subfield code="c">538.4</subfield></datafield><datafield ind1=" " ind2=" " tag="CAT"><subfield code="a">SYS</subfield><subfield code="c">20191031</subfield><subfield code="h">045512</subfield></datafield></record></collection>